@misc{1,
	title = {{What is NFC? Near Field Communication Explained}},
	year = {2017},
	month = {Mar},
	url = {http://nearfieldcommunication.org/about-nfc.html},
	note = {[Online; accessed 1. Jun. 2019]}
}

@article{2,
	author = {Bite, Blue},
	title = {{The Promising Future of NFC}},
	journal = {Medium},
	year = {2018},
	month = {May},
	publisher = {Blue Bite},
	url = {https://medium.com/blue-bite/the-promising-future-of-nfc-d172f6905b7b},
	note = {[Online; accessed 1. Jun. 2019]}
}


@misc{3,
	title = {{History of Near Field Communication - NearFieldCommunication.org}},
	year = {2017},
	month = {Mar},
	url = {http://nearfieldcommunication.org/history-nfc.html},
	note = {[Online; accessed 1. Jun. 2019]}
}

@misc{4,
	title = {{Near Field Communication Technology Standards {\textendash} NearFieldCommunication.org}},
	year = {2017},
	month = {Mar},
	url = {http://nearfieldcommunication.org/technology.html},
	note = {[Online; accessed 2. Jun. 2019]}
}


@misc{5,
	title = {{NFC Marketing {$\vert$} SmsNation Mobile}},
	year = {2019},
	month = {Jun},
	url = {http://smsnation.co.rw/nfc-marketing},
	note = {[Online; accessed 2. Jun. 2019]}
}

@misc{6,
	title = {{Security Concerns with NFC Technology - NearFieldCommunication.org}},
	year = {2017},
	month = {Mar},
	url = {http://nearfieldcommunication.org/nfc-security.html},
	note = {[Online; accessed 2. Jun. 2019]}
}

@misc{7,
	title = {{NFC UID - GoToTags Help}},
	journal = {GoToTags Help},
	year = {2019},
	month = {Jun},
	url = {https://help.gototags.com/article/nfc-uid},
	note = {[Online; accessed 4. Jun. 2019]}
}

@misc{8,
	title = {{What is Linux?}},
	journal = {Linux.com {$\vert$} The source for Linux information},
	year = {2019},
	month = {Jun},
	url = {https://www.linux.com/what-is-linux},
	note = {[Online; accessed 4. Jun. 2019]}
}

@misc{9,
	title = {{gnu.org}},
	year = {2019},
	month = {Jun},
	url = {https://www.gnu.org},
	note = {[Online; accessed 4. Jun. 2019]}
}

@misc{10,
	title = {{Buy a Raspberry Pi 2 Model B {\textendash} Raspberry Pi}},
	year = {2019},
	month = {Jun},
	url = {https://www.raspberrypi.org/products/raspberry-pi-2-model-b},
	note = {[Online; accessed 4. Jun. 2019]}
}

@misc{11,
	title = {{Orbit IP: PoE Contactless NFC Card Reader - Gemini 2000}},
	journal = {Gemini 2000},
	year = {2019},
	month = {Jun},
	url = {http://www.gemini2k.com/orbit-ip-poe-nfc-smart-card-reader},
	note = {[Online; accessed 5. Jun. 2019]}
}

@misc{12,
	title = {{Welcome to Python.org}},
	journal = {Python.org},
	year = {2019},
	month = {Jun},
	url = {https://www.python.org},
	note = {[Online; accessed 5. Jun. 2019]}
}

@misc{13,
	title = {{Welcome to TinyDB! {\ifmmode---\else\textemdash\fi} TinyDB 3.13.0 documentation}},
	year = {2019},
	month = {May},
	url = {https://tinydb.readthedocs.io/en/latest},
	note = {[Online; accessed 5. Jun. 2019]}
}

@misc{14,
	title = {{MikroTik}},
	year = {2019},
	month = {Jun},
	url = {https://mikrotik.com/product/RBGPOE},
	note = {[Online; accessed 7. Jun. 2019]}
}

@misc{15,
	year = {2019},
	month = {Jun},
	url = {http://www.ellabo.hr/pd/elektro-prihvatnik-8-12v-deblokada-senzor/ET1719015/g/205/l/HR#tab-longDesc},
	note = {[Online; accessed 7. Jun. 2019]}
}

@misc{16,
	title = {{Orbit IP: PoE NFC Reader - Gemini 2000}},
	journal = {Gemini 2000},
	year = {2019},
	month = {Jun},
	url = {http://www.gemini2k.com/shop/nfc-devices/orbit-ip-poe-nfc-card-reader},
	note = {[Online; accessed 5. Jun. 2019]}
}
